
@Book{LaTeX2e,
author = {Львовский, С. М.},
title = {Набор и верстка в системе LaTeX},
publisher =  {Московский центр непрерывного математического образования},
address = {Москва},
year = {2003},
numpages = {448}
}

@article{Vybegallo,
 author = {Vybegallo, A. A. and A. A. Vybegallo},
 journal = {Vestnik NII CHAVO},
 year = {2222},
 pages = {1--111},
 title = {About Reverse Analysis of Gorilla Language},
 number = {1},
 doi = {10.1090/trans2/015},
 language = {english}
}

@misc{Normcor,
title = {Самораспаковывающийся архив
"ПРИЛОЖЕНИЕ 1 К ПОЛОЖЕНИЮ О нормоконтроле, размещении текстов в электронно-библиотечной системе и проверке на объем заимствования выпускных квалификационных работ бакалавров, специалистов, магистров и аспирантов МГТУ им. Н. Э. Баумана
ИНСТРУКЦИЯ ПО РАБОТЕ С ЭЛЕКТРОННО-БИБЛИОТЕЧНОЙ СИСТЕМОЙ <<БАНК ВКР>>"},
publisher = {МГТУ им. Н.Э. Баумана},
url = {http://vkr.bmstu.ru/},
annote = {дата обращения: 20.07.2021}
}

@misc{Stackexchange,
title = {StackExchange [Электронный ресурс]},
url = {https://tex.stackexchange.com/},
annote = {дата обращения: 22.07.2021}
}

@misc{UMBScheme,
title = {UMB Scheme [Электронный ресурс]},
url = {https://linux.die.net/man/1/umb-scheme},
annote = {дата обращения: 04.12.2022}
}

@misc{Kotlindocs,
title = {Документация языка Kotlin [Электронный ресурс]},
url = {https://kotlinlang.org},
annote = {дата обращения: 28.10.2022}
}

@misc{Kmm,
title = {Использование Kotlin для мобильных приложений iOS/Android [Электронный ресурс]},
url = {https://kotlinlang.org/lp/mobile/},
annote = {дата обращения: 30.10.2022}
}

@misc{Kjs,
title = {Использование Kotlin для Web приложений [Электронный ресурс]},
url = {https://kotlinlang.org/docs/js-overview.html},
annote = {дата обращения: 30.10.2022}
}

@misc{Kserv,
title = {Использование Kotlin для серверного кода [Электронный ресурс]},
url = {https://kotlinlang.org/docs/server-overview.html},
annote = {дата обращения: 30.10.2022}
}

@misc{R5rs,
title = {Спецификация R$^5$RS [Электронный ресурс]},
url = {https://schemers.org/Documents/Standards/R5RS/},
annote = {дата обращения: 28.10.2022}
}